@book{gonzalez2002digital,
  title={Digital Image Processing, Second Edition},
  author={Gonzalez, Rafael C and Woods, Richard Eugene},
  year={2002},
  publisher={Prentice Hall}
}

@inproceedings{1colImSegm1999,
  title={Color image segmentation},
  author={Deng, Yining and Manjunath, B Shin and Shin, Hyundoo},
  booktitle={Computer Vision and Pattern Recognition, 1999. IEEE Computer Society Conference on.},
  volume={2},
  year={1999},
  organization={IEEE}
}

@article{2unsupImSegm2001,
  title={Unsupervised segmentation of color-texture regions in images and video},
  author={Deng, Yining and Manjunath, BS},
  journal={IEEE transactions on pattern analysis and machine intelligence},
  volume={23},
  number={8},
  pages={800--810},
  year={2001},
  publisher={IEEE}
}

@article{knn,
  title={k-Nearest neighbour classifiers},
  author={Cunningham, Padraig and Delany, Sarah Jane},
  journal={Multiple Classifier Systems},
  volume={34},
  pages={1--17},
  year={2007},
  publisher={Springer}
}

@article{knndistance,
  title={Distance metric learning for large margin nearest neighbor classification},
  author={Weinberger, Kilian Q and Blitzer, John and Saul, Lawrence},
  journal={Advances in neural information processing systems},
  volume={18},
  pages={1473},
  year={2006},
  publisher={MIT; 1998}
}

@book{IntrToRemSensing,
  title={Introduction to remote sensing},
  author={Campbell, James B and Wynne, Randolph H},
  year={2011},
  publisher={Guilford Press}
}

@misc{lgia,
	author={LĢIA},
	title = {Aerofotogrāfēšana},
	howpublished = {\url{http://map.lgia.gov.lv/index.php?lang=0&cPath=4_16&txt_id=23}},
	note = {Apmeklēts: 10.11.2016.}
}

@misc{lgia2,
	author={LĢIA},
	title={5. cikla (2013. - 2015. gads) ortofotokartes},
	howpublished = {\url{http://map.lgia.gov.lv/index.php?lang=0&cPath=4_16&txt_id=49&ap=34}},
	note={Apmeklēts: 19.05.2017.}
}

@article{NNIntroduction1987,
  title={An introduction to computing with neural nets},
  author={Lippmann, Richard},
  journal={IEEE Assp magazine},
  volume={4},
  number={2},
  pages={4--22},
  year={1987},
  publisher={IEEE}
}

@article{NNforHyperspectralIm2010,
  title={Semisupervised neural networks for efficient hyperspectral image classification},
  author={Ratle, Fr{\'e}d{\'e}ric and Camps-Valls, Gustavo and Weston, Jason},
  journal={IEEE Transactions on Geoscience and Remote Sensing},
  volume={48},
  number={5},
  pages={2271--2282},
  year={2010},
  publisher={IEEE}
}

@inproceedings{multicolumnDeepNN2012,
  title={Multi-column deep neural networks for image classification},
  author={Ciregan, Dan and Meier, Ueli and Schmidhuber, J{\"u}rgen},
  booktitle={Computer Vision and Pattern Recognition (CVPR), 2012 IEEE Conference on},
  pages={3642--3649},
  year={2012},
  organization={IEEE}
}

@inproceedings{flexible2011,
  title={Flexible, high performance convolutional neural networks for image classification},
  author={Ciresan, Dan Claudiu and Meier, Ueli and Masci, Jonathan and Gambardella, Luca Maria and Schmidhuber, J{\"u}rgen},
  booktitle={Twenty-Second International Joint Conference on Artificial Intelligence},
  year={2011}
}

@inproceedings{ImageNetDeepConvolutionNN,
  title={Imagenet classification with deep convolutional neural networks},
  author={Krizhevsky, Alex and Sutskever, Ilya and Hinton, Geoffrey E},
  booktitle={Advances in neural information processing systems},
  pages={1097--1105},
  year={2012}
}

@inproceedings{inception,
  title={Going deeper with convolutions},
  author={Szegedy, Christian and Liu, Wei and Jia, Yangqing and Sermanet, Pierre and Reed, Scott and Anguelov, Dragomir and Erhan, Dumitru and Vanhoucke, Vincent and Rabinovich, Andrew},
  booktitle={Proceedings of the IEEE Conference on Computer Vision and Pattern Recognition},
  pages={1--9},
  year={2015}
}

@misc{zutersNeironuTikli,
	title={Neironu tīkli},
	author={J. Zuters},
	year={2010},
	note={Rīga. Mācību materiāls}
}

@misc{stdMeanMedian,
	title={Characteristics and statistics of digital remote sensing imagery},
	author={Laboratory for Terrestrial Remote Sensing},
	year={University of Rhode Island. Mācību materiāls}
}

@article{krose1993introduction,
  title={An introduction to neural networks},
  author={Kr{\"o}se, Ben and Krose, Ben and van der Smagt, Patrick and Smagt, Patrick},
  year={1993},
  publisher={Citeseer}
}

@article{dennis1997introduction,
  title={Introduction to neural networks},
  author={Dennis, Simon and McAuley, Devin},
  journal={available online: www2. psy. uq. edu. au/brainway/Manual/WhatIs. html},
  year={1997}
}

@book{fausett1994,
  title={Fundamentals of Neural Networks: Architectures, Algorithms, and Applications},
  author={Fausett, L.V.},
  isbn={9780133341867},
  lccn={93008629},
  series={Prentice-Hall international editions},
  url={https://books.google.lv/books?id=ONylQgAACAAJ},
  year={1994},
  publisher={Prentice-Hall}
}

@article{convolutionalNN,
  title={Convolutional Neural Network},
  author={Dewi Suryani},
  year={2017}
}

@incollection{fukushima1982,
  title={Neocognitron: A self-organizing neural network model for a mechanism of visual pattern recognition},
  author={Fukushima, Kunihiko and Miyake, Sei},
  booktitle={Competition and cooperation in neural nets},
  pages={267--285},
  year={1982},
  publisher={Springer}
}

@article{tensorflow,
  title={Tensorflow: Large-scale machine learning on heterogeneous distributed systems},
  author={Abadi, Mart{\'\i}n and Agarwal, Ashish and Barham, Paul and Brevdo, Eugene and Chen, Zhifeng and Citro, Craig and Corrado, Greg S and Davis, Andy and Dean, Jeffrey and Devin, Matthieu and others},
  journal={arXiv preprint arXiv:1603.04467},
  year={2016}
}

@article{4satImSegm2012,
  title={Satellite Image Classification and Segmentation by Using JSEG Segmentation Algorithm},
  author={Abbas, Khamael and Rydh, Mustafa},
  journal={International Journal of Image, Graphics and Signal Processing},
  volume={4},
  number={10},
  pages={48},
  year={2012},
  publisher={Modern Education and Computer Science Press}
}

@article{3seededRegGrow2005,
  title={Automatic seeded region growing for color image segmentation},
  author={Shih, Frank Y and Cheng, Shouxian},
  journal={Image and vision computing},
  volume={23},
  number={10},
  pages={877--886},
  year={2005},
  publisher={Elsevier}
}

@article{5forest2007,
  title={Color-and texture-based image segmentation for improved forest delineation},
  author={Wang, Zuyuan and Boesch, Ruedi},
  journal={IEEE Transactions on Geoscience and Remote Sensing},
  volume={45},
  number={10},
  pages={3055--3062},
  year={2007},
  publisher={IEEE}
}

@article{6buildings2008,
  title={Building extraction from high resolution color imagery based on edge flow driven active contour and JSEG},
  author={Song, Yonghak and Shan, Jie},
  journal={IAPRSIS},
  volume={37},
  pages={185--190},
  year={2008},
  publisher={Citeseer}
}

@article{shapiro2001computer,
  title={Computer vision. 2001},
  author={Shapiro, Linda and Stockman, George C},
  journal={ed: Prentice Hall},
  pages={279--325},
  year={2001}
}

@book{landCoverTypes1976,
  title={A land use and land cover classification system for use with remote sensor data},
  author={Anderson, James Richard},
  volume={964},
  year={1976},
  publisher={US Government Printing Office}
}

@article{cleve2008classification,
  title={Classification of the wildland--urban interface: A comparison of pixel-and object-based classifications using high-resolution aerial photography},
  author={Cleve, Casey and Kelly, Maggi and Kearns, Faith R and Moritz, Max},
  journal={Computers, Environment and Urban Systems},
  volume={32},
  number={4},
  pages={317--326},
  year={2008},
  publisher={Elsevier}
}

@inproceedings{jolly1996color,
  title={Color and texture fusion: application to aerial image segmentation and GIS updating},
  author={Jolly, M-PD and Gupta, Alok},
  booktitle={Applications of Computer Vision, 1996. WACV'96., Proceedings 3rd IEEE Workshop on},
  pages={2--7},
  year={1996},
  organization={IEEE}
}

@article{poly,
  title={A minimum entropy approach to adaptive image polygonization},
  author={Hermes, Lothar and Buhmann, Joachim M},
  journal={IEEE Transactions on Image Processing},
  volume={12},
  number={10},
  pages={1243--1258},
  year={2003},
  publisher={IEEE}
}